@article{pasolli2019extensive,
  title={Extensive unexplored human microbiome diversity revealed by over 150,000 genomes from metagenomes spanning age, geography, and lifestyle},
  author={Pasolli, E. and Asnicar, F. and Manara, S. and Zolfo, M. and Karcher, N. and Armanini, F. and Beghini, F. and Manghi, P. and Tett, A. and Ghensi, P. and others},
  journal={Cell},
  volume={176},
  number={3},
  pages={649 -- 662},
  year={2019},
  publisher={Elsevier}
}

@article{li2015megahit,
  title={{MEGAHIT}: an ultra-fast single-node solution for large and complex metagenomics assembly via succinct de {Bruijn} graph},
  author={Li, D. and Liu, C. and Luo, R. and Sadakane, K. and Lam, T.},
  journal={Bioinformatics},
  volume={31},
  number={10},
  pages={1674 -- 1676},
  year={2015},
  publisher={Oxford University Press}
}

@article{nurk2017metaspades,
  title={{metaSPAdes}: a new versatile metagenomic assembler},
  author={Nurk, S. and Meleshko, D. and Korobeynikov, A. and Pevzner, P.},
  journal={Genome research},
  volume={27},
  number={5},
  pages={824 -- 834},
  year={2017},
  publisher={Cold Spring Harbor Lab}
}

